%%%%%% Test Bib references %%%%%%  

@Book{Dantzig1963,
	title = "Linear programming and extensions",
	author = "B Dantzig",
	publisher = "Princeton University Press",
	address = "Princeton (NJ)",
	edition = "2",
	year = "1963"
}

@Book{DantzigWolfson1965,
	title = "Linear programming: A unified approach",
	author = "B Dantzig and G Wolfson",
	publisher = "John Wiley \& Sons",
	address = "New York (NY)",
	edition = "3",
	year = "1965"
}


@Book{ColbournDinitz1996,
	title = "The {CRC} handbook of combinatorial designs",
	editor = "C J Colbourn and J H Dinitz",
	publisher = "CRC Press",
	address = "Boca Raton (FL)",
	year = "1996"
}


%%%%%%%%%%%%%%%%%%%%%%%%%%%%%%%%%%
%%%%% Actual Bib Starts here %%%%%
%%%%%%%%%%%%%%%%%%%%%%%%%%%%%%%%%%


@article{carminati2015banksealer,
  title={BankSealer: A decision support system for online banking fraud analysis and investigation},
  author={Carminati, Michele and Caron, Roberto and Maggi, Federico and Epifani, Ilenia and Zanero, Stefano},
  journal={computers \& security},
  volume={53},
  pages={175--186},
  year={2015},
  publisher={Elsevier}
}

@article{begolli2019revealing,
  title={Revealing the true cost of financial crime, focus on Europe},
  author={Begolli, Gramos},
  journal={Knowledge International Journal},
  volume={31},
  number={5},
  pages={1463--1468},
  year={2019}
}

@article{mcdowell2001consequences,
  title={The consequences of money laundering and financial crime},
  author={McDowell, John and Novis, Gary},
  journal={Economic Perspectives},
  volume={6},
  number={2},
  pages={6--10},
  year={2001}
}


@misc{sanctionscanner,
author={Scanner, Sanction},
title={Anti-Money Laundering Guidance for Banks}, 
url={https://sanctionscanner.com/blog/anti-money-laundering-guidance-for-banks-162}, 
year = 2019
}

@misc{kenton_2021, 
title={Anti Money Laundering (AML) Definition}, 
url={https://www.investopedia.com/terms/a/aml.asp}, 
journal={Investopedia}, 
publisher={Investopedia}, 
author={Kenton, Will}, 
year={2021}
}

@article{chen2018machine,
  title={Machine learning techniques for anti-money laundering (AML) solutions in suspicious transaction detection: a review},
  author={Chen, Zhiyuan and Teoh, Ee Na and Nazir, Amril and Karuppiah, Ettikan Kandasamy and Lam, Kim Sim and others},
  journal={Knowledge and Information Systems},
  volume={57},
  number={2},
  pages={245--285},
  year={2018},
  publisher={Springer}
}

@book{baesens2015fraud,
  title={Fraud analytics using descriptive, predictive, and social network techniques: a guide to data science for fraud detection},
  author={Baesens, Bart and Van Vlasselaer, Veronique and Verbeke, Wouter},
  year={2015},
  publisher={John Wiley \& Sons}
}

@article{buchanan2004money,
  title={Money laundering—a global obstacle},
  author={Buchanan, Bonnie},
  journal={Research in International Business and Finance},
  volume={18},
  number={1},
  pages={115--127},
  year={2004},
  publisher={Elsevier}
}

@article{mcdowell2001senior,
  title={Senior Policy Adviser, and Gary Novis},
  author={McDowell, John},
  journal={Program Analyst. the consequences of money laundering and financial crime. bureau of international narcotics and law enforcement affairs, us department of state},
  year={2001}
}

@misc{fic2001,
title = {Guidance note 05B on cash threshold reporting to the financial intelligence centre in terms of section 28 of the financial intelligence centre (act 38 of 2001)},
author={FIC}, 
url={https://www.fic.gov.za/Documents/Guidance\%20Note\%205.pdf},
journal={Fic.gov.za}, 
year={2021}
}

@misc{yale2021reporting,
author={Yale},
title = {Reporting cash transactions over 10,000},
url={https://your.yale.edu/policies-procedures/other/reporting-cash-transactions-definition},
journal={Your.yale.edu},
year={2021}
}

@misc{chen_2021,
title={Mirror Trading Definition},
url={https://www.investopedia.com/terms/m/mirror-trading.asp},
journal={Investopedia},
author={Chen, James},
year={2021}
}

@article{schramm2003evolution,
  title={Evolution and institutional foundation of the hawala financial system},
  author={Schramm, Matthias and Taube, Markus},
  journal={International review of financial analysis},
  volume={12},
  number={4},
  pages={405--420},
  year={2003},
  publisher={Elsevier}
}

@misc{brownlee_2021,
title={Discover Feature Engineering, How to Engineer Features and How to Get Good at It},
url={https://machinelearningmastery.com/discover-feature-engineering-how-to-engineer-features-and-how-to-get-good-at-it/},
journal={Machine Learning Mastery},
author={Brownlee, Jason},
year={2021}
}

@misc{patidar_2021,  
title={4 Tips for Advanced Feature Engineering and Preprocessing},  
url={https://towardsdatascience.com/4-tips-for-advanced-feature-engineering-and-preprocessing-ec11575c09ea},  
journal={Medium},  
author={Patidar, Paras},  
year={2021}
}

@article{sudjianto2010statistical,
  title={Statistical methods for fighting financial crimes},
  author={Sudjianto, Agus and Nair, Sheela and Yuan, Ming and Zhang, Aijun and Kern, Daniel and Cela-D{\'\i}az, Fernando},
  journal={Technometrics},
  volume={52},
  number={1},
  pages={5--19},
  year={2010},
  publisher={Taylor \& Francis}
}

@article{abdallah2016fraud,
  title={Fraud detection system: A survey},
  author={Abdallah, Aisha and Maarof, Mohd Aizaini and Zainal, Anazida},
  journal={Journal of Network and Computer Applications},
  volume={68},
  pages={90--113},
  year={2016},
  publisher={Elsevier}
}

@article{gao2007framework,
  title={A framework for data mining-based anti-money laundering research},
  author={Gao, Zengan and Ye, Mao},
  journal={Journal of Money Laundering Control},
  year={2007},
  publisher={Emerald Group Publishing Limited}
}

@article{ngai2011application,
  title={The application of data mining techniques in financial fraud detection: A classification framework and an academic review of literature},
  author={Ngai, Eric WT and Hu, Yong and Wong, Yiu Hing and Chen, Yijun and Sun, Xin},
  journal={Decision support systems},
  volume={50},
  number={3},
  pages={559--569},
  year={2011},
  publisher={Elsevier}
}

@article{al2021financial,
  title={Financial fraud detection applying data mining techniques: a comprehensive review from 2009 to 2019},
  author={Al-Hashedi, Khaled Gubran and Magalingam, Pritheega},
  journal={Computer Science Review},
  volume={40},
  pages={100402},
  year={2021},
  publisher={Elsevier}
}

@article{abbass2004online,
  title={Online adaptation in learning classifier systems: stream data mining},
  author={Abbass, Hussein A and Bacardit, Jaume and Butz, Martin V and Llora, Xavier},
  journal={Illinois Genetic Algorithms Laboratory, University of Illinois at Urbana-Champaign, IlliGAL Report},
  number={2004031},
  year={2004},
  publisher={Citeseer}
}

@article{gama2014survey,
  title={A survey on concept drift adaptation},
  author={Gama, Jo{\~a}o and {\v{Z}}liobait{\.e}, Indr{\.e} and Bifet, Albert and Pechenizkiy, Mykola and Bouchachia, Abdelhamid},
  journal={ACM computing surveys (CSUR)},
  volume={46},
  number={4},
  pages={1--37},
  year={2014},
  publisher={ACM New York, NY, USA}
}

@inproceedings{maes2002credit,
  title={Credit card fraud detection using Bayesian and neural networks},
  author={Maes, Sam and Tuyls, Karl and Vanschoenwinkel, Bram and Manderick, Bernard},
  booktitle={Proceedings of the 1st international naiso congress on neuro fuzzy technologies},
  pages={261--270},
  year={2002}
}

@book{abu2012learning,
  title={Learning from data},
  author={Abu-Mostafa, Yaser S and Magdon-Ismail, Malik and Lin, Hsuan-Tien},
  volume={4},
  year={2012},
  publisher={AMLBook New York, NY, USA:}
}

@article{van2017gotcha,
  title={Gotcha! network-based fraud detection for social security fraud},
  author={Van Vlasselaer, V{\'e}ronique and Eliassi-Rad, Tina and Akoglu, Leman and Snoeck, Monique and Baesens, Bart},
  journal={Management Science},
  volume={63},
  number={9},
  pages={3090--3110},
  year={2017},
  publisher={INFORMS}
}

@book{james2013introduction,
  title={An introduction to statistical learning},
  author={James, Gareth and Witten, Daniela and Hastie, Trevor and Tibshirani, Robert},
  volume={112},
  year={2013},
  publisher={Springer}
}

@misc{et2020pien,
author={Pienaar, Etienne},
title={STA3043/7/8S – Statistical Inference and Modelling
Lecture Notes on Machine Learning},
year={2020},
publisher={Department of Statistical Sciences University of Cape Town}
}

@misc{et2020analytics,
author={Pienaar, Etienne},
title={Analytics Part 2: Introduction to Neural Networks},
year={2020},
publisher={Department of Statistical Sciences University of Cape Town}
}

@article{salehi2017data,
  title={Data mining techniques for anti money laundering},
  author={Salehi, Ahmad and Ghazanfari, Mehdi and Fathian, Mohammed},
  journal={International Journal of Applied Engineering Research},
  volume={12},
  number={20},
  pages={10084--10094},
  year={2017}
}

@misc{abolfazl2018algo,
  author = {Ravanshad,Abolfazl},
  title = {How to choose machine learning algorithms?},
  year = {2018},
  url = {https://medium.com/@aravanshad/how-to-choose-machine-learning-algorithms-9a92a448e0df}
}

@article{boccaletti2006complex,
  title={Complex networks: Structure and dynamics},
  author={Boccaletti, Stefano and Latora, Vito and Moreno, Yamir and Chavez, Martin and Hwang, D-U},
  journal={Physics reports},
  volume={424},
  number={4-5},
  pages={175--308},
  year={2006},
  publisher={Elsevier}
}

@book{newman2018networks,
  title={Networks},
  author={Newman, Mark},
  year={2018},
  publisher={Oxford university press}
}

@inproceedings{gupte2012measuring,
  title={Measuring tie strength in implicit social networks},
  author={Gupte, Mangesh and Eliassi-Rad, Tina},
  booktitle={Proceedings of the 4th Annual ACM Web Science Conference},
  pages={109--118},
  year={2012}
}

@book{humpherys2017foundations,
  title={Foundations of Applied Mathematics, Volume I: Mathematical Analysis},
  author={Humpherys, Jeffrey and Jarvis, Tyler J and Evans, Emily J},
  volume={152},
  year={2017},
  publisher={SIAM}
}

@article{zanin2016combining,
  title={Combining complex networks and data mining: why and how},
  author={Zanin, Massimiliano and Papo, David and Sousa, Pedro A and Menasalvas, Ernestina and Nicchi, Andrea and Kubik, Elaine and Boccaletti, Stefano},
  journal={Physics Reports},
  volume={635},
  pages={1--44},
  year={2016},
  publisher={Elsevier}
}

@article{weber2018scalable,
  title={Scalable graph learning for anti-money laundering: A first look},
  author={Weber, Mark and Chen, Jie and Suzumura, Toyotaro and Pareja, Aldo and Ma, Tengfei and Kanezashi, Hiroki and Kaler, Tim and Leiserson, Charles E and Schardl, Tao B},
  journal={arXiv preprint arXiv:1812.00076},
  year={2018}
}

@article{watkins2003tracking,
  title={Tracking dirty proceeds: exploring data mining technologies as tools to investigate money laundering},
  author={Watkins, R CORY and Reynolds, K Michael and Demara, Ron and Georgiopoulos, Michael and Gonzalez, Avelino and Eaglin, Ron},
  journal={Police Practice and Research},
  volume={4},
  number={2},
  pages={163--178},
  year={2003},
  publisher={Taylor \& Francis}
}

@book{banks1998handbook,
  title={Handbook of simulation: principles, methodology, advances, applications, and practice},
  author={Banks, Jerry},
  year={1998},
  publisher={John Wiley \& Sons}
}

@phdthesis{lopez2016applying,
  title={Applying Simulation to the Problem of Detecting Financial Fraud},
  author={Lopez-Rojas, Edgar Alonso},
  year={2016},
  school={Blekinge Tekniska H{\"o}gskola}
}

@misc{money2021transfer,
  author = {April Summers},
  title = {Wire Transfers vs EFTs},
  year = {2021},
  note = {Last accessed September 2021},
  url = {https://moneytransfers.com/guides/wire-transfer-vs-electronic-transfer}
}

@misc{AMLSim, 
author = {Toyotaro Suzumura and Hiroki Kanezashi}, title = {{Anti-Money Laundering Datasets}: {InPlusLab} Anti-Money Laundering DataDatasets}, 
howpublished = {\url{http://github.com/IBM/AMLSim/}}, year = 2021}


@inproceedings{pareja2020evolvegcn,
  title={Evolvegcn: Evolving graph convolutional networks for dynamic graphs},
  author={Pareja, Aldo and Domeniconi, Giacomo and Chen, Jie and Ma, Tengfei and Suzumura, Toyotaro and Kanezashi, Hiroki and Kaler, Tim and Schardl, Tao and Leiserson, Charles},
  booktitle={Proceedings of the AAAI Conference on Artificial Intelligence},
  volume={34},
  number={04},
  pages={5363--5370},
  year={2020}
}

@book{wickham2016r,
  title={R for data science: import, tidy, transform, visualize, and model data},
  author={Wickham, Hadley and Grolemund, Garrett},
  year={2016},
  publisher={" O'Reilly Media, Inc."}
}

@article{colladon2017using,
  title={Using social network analysis to prevent money laundering},
  author={Colladon, Andrea Fronzetti and Remondi, Elisa},
  journal={Expert Systems with Applications},
  volume={67},
  pages={49--58},
  year={2017},
  publisher={Elsevier}
}

@article{drezewski2015application,
  title={The application of social network analysis algorithms in a system supporting money laundering detection},
  author={Dre{\.z}ewski, Rafa{\l} and Sepielak, Jan and Filipkowski, Wojciech},
  journal={Information Sciences},
  volume={295},
  pages={18--32},
  year={2015},
  publisher={Elsevier}
}

@article{visserdetection,
  title={Detection of Money Laundering Transaction Network Structures and Typologies using Machine Learning Techniques},
  author={Visser, Floris and Yazdiha, Arash},
  year={2020}
}

@book{friedman2001elements,
  title={The elements of statistical learning},
  author={Friedman, Jerome and Hastie, Trevor and Tibshirani, Robert and others},
  volume={1},
  number={10},
  year={2001},
  publisher={Springer series in statistics New York}
}

@misc{jason2016brownlee,
  author = {Jason Brownlee},
  title = {A Gentle Introduction to Threshold-Moving for Imbalanced Classification},
  year = {2020},
  note = {Last accessed January 2021},
  url = {https://machinelearningmastery.com/threshold-moving-for-imbalanced-classification/}
}

@book{nielsen2015neural,
  title={Neural networks and deep learning},
  author={Nielsen, Michael A},
  volume={25},
  year={2015},
  publisher={Determination press San Francisco, CA}
}

@article{goodfellow2017deep,
  title={Deep learning (adaptive computation and machine learning series)},
  author={Goodfellow, Ian and Bengio, Yoshua and Courville, Aaron},
  journal={Cambridge Massachusetts},
  pages={321--359},
  year={2017}
}

@incollection{bengio2012practical,
  title={Practical recommendations for gradient-based training of deep architectures},
  author={Bengio, Yoshua},
  booktitle={Neural networks: Tricks of the trade},
  pages={437--478},
  year={2012},
  publisher={Springer}
}

@article{masters2018revisiting,
  title={Revisiting small batch training for deep neural networks},
  author={Masters, Dominic and Luschi, Carlo},
  journal={arXiv preprint arXiv:1804.07612},
  year={2018}
}

@misc{jason2019batch,
  author = {Jason Brownlee},
  title = {How to Control the Stability of Training Neural Networks With the Batch Size},
  year = {2019},
  note = {Last accessed August 2020},
  url = {https://machinelearningmastery.com/how-to-control-the-speed-and-stability-of-training-neural-networks-with-gradient-descent-batch-size/}
}

@book{bishop1995neural,
  title={Neural networks for pattern recognition},
  author={Bishop, Christopher M and others},
  year={1995},
  publisher={Oxford university press}
}

@inproceedings{jeni2013facing,
  title={Facing imbalanced data--recommendations for the use of performance metrics},
  author={Jeni, L{\'a}szl{\'o} A and Cohn, Jeffrey F and De La Torre, Fernando},
  booktitle={2013 Humaine association conference on affective computing and intelligent interaction},
  pages={245--251},
  year={2013},
  organization={IEEE}
}

@article{branco2015survey,
  title={A survey of predictive modelling under imbalanced distributions},
  author={Branco, Paula and Torgo, Luis and Ribeiro, Rita},
  journal={arXiv preprint arXiv:1505.01658},
  year={2015}
}





